@article{Li_2013, title={{Aligning sequence reads, clone sequences and assembly contigs with BWA-MEM}}, author={Li, Heng}, journal={arXiv:1303.3997}, year={2013}}
