@article{2014, title={A chromosome-based draft sequence of the hexaploid bread wheat (Triticum aestivum) genome}, volume={345}, ISSN={1095-9203}, url={https://doi.org/10.1126/science.1251788}, DOI={10.1126/science.1251788}, number={6194}, journal={Science}, publisher={American Association for the Advancement of Science (AAAS)}, author={Mayer, K. F. X. and Rogers, J. and Dole el, J. and Pozniak, C. and Eversole, K. and Feuillet, C. and Gill, B. and Friebe, B. and Lukaszewski, A. J. and et al.}, year={2014}, month={Jul}, pages={1251788–1251788}}
@article{Birol_2013, title={Assembling the 20 Gb white spruce (Picea glauca) genome from whole-genome shotgun sequencing data}, volume={29}, ISSN={1367-4803}, url={https://doi.org/10.1093/bioinformatics/btt178}, DOI={10.1093/bioinformatics/btt178}, number={12}, journal={Bioinformatics}, publisher={Oxford University Press (OUP)}, author={Birol, Inanc and Raymond, Anthony and Jackman, Shaun D. and Pleasance, Stephen and Coope, Robin and Taylor, Greg A. and Yuen, Macaire Man Saint and Keeling, Christopher I. and Brand, Dana and Vandervalk, Benjamin P. and et al.}, year={2013}, month={May}, pages={1492–1497}}
@article{Chin_2013, title={Nonhybrid, finished microbial genome assemblies from long-read SMRT sequencing data}, volume={10}, ISSN={1548-7105}, url={https://doi.org/10.1038/nmeth.2474}, DOI={10.1038/nmeth.2474}, number={6}, journal={Nature Methods}, publisher={Springer Nature}, author={Chin, Chen-Shan and Alexander, David H and Marks, Patrick and Klammer, Aaron A and Drake, James and Heiner, Cheryl and Clum, Alicia and Copeland, Alex and Huddleston, John and Eichler, Evan E and et al.}, year={2013}, month={May}, pages={563–569}}
@article{Chin_2016, title={Phased diploid genome assembly with single-molecule real-time sequencing}, volume={13}, ISSN={1548-7105}, url={https://doi.org/10.1038/nmeth.4035}, DOI={10.1038/nmeth.4035}, number={12}, journal={Nature Methods}, publisher={Springer Nature}, author={Chin, Chen-Shan and Peluso, Paul and Sedlazeck, Fritz J and Nattestad, Maria and Concepcion, Gregory T and Clum, Alicia and Dunn, Christopher and O’Malley, Ronan and Figueroa-Balderas, Rosa and Morales-Cruz, Abraham and et al.}, year={2016}, month={Oct}, pages={1050–1054}}
@article{Eisenstein_2015, title={Startups use short-read data to expand long-read sequencing market}, volume={33}, ISSN={1546-1696}, url={https://doi.org/10.1038/nbt0515-433}, DOI={10.1038/nbt0515-433}, number={5}, journal={Nature Biotechnology}, publisher={Springer Nature}, author={Eisenstein, Michael}, year={2015}, month={May}, pages={433–435}}
@article{Hizume_2001, title={Flow Cytometric Determination of Genome Size in the Taxodiaceae, Cupressaceae sensu stricto and Sciadopityaceae.}, volume={66}, ISSN={1348-7019}, url={https://doi.org/10.1508/cytologia.66.307}, DOI={10.1508/cytologia.66.307}, number={3}, journal={CYTOLOGIA}, publisher={International Society of Cytology}, author={Hizume, Masahiro and Kondo, Teiji and Shibata, Fukashi and Ishizuka, Ryoko}, year={2001}, pages={307–311}}
@article{Jackman_2017, title={ABySS 2.0: resource-efficient assembly of large genomes using a Bloom filter}, volume={27}, ISSN={1549-5469}, url={https://doi.org/10.1101/gr.214346.116}, DOI={10.1101/gr.214346.116}, number={5}, journal={Genome Research}, publisher={Cold Spring Harbor Laboratory}, author={Jackman, Shaun D. and Vandervalk, Benjamin P. and Mohamadi, Hamid and Chu, Justin and Yeo, Sarah and Hammond, S. Austin and Jahesh, Golnaz and Khan, Hamza and Coombe, Lauren and Warren, Rene L. and et al.}, year={2017}, month={Feb}, pages={768–777}}
@article{Jackman_2018, title={Tigmint: correcting assembly errors using linked reads from large molecules}, volume={19}, ISSN={1471-2105}, url={https://doi.org/10.1186/s12859-018-2425-6}, DOI={10.1186/s12859-018-2425-6}, number={1}, journal={BMC Bioinformatics}, publisher={Springer Nature America, Inc}, author={Jackman, Shaun D. and Coombe, Lauren and Chu, Justin and Warren, Rene L. and Vandervalk, Benjamin P. and Yeo, Sarah and Xue, Zhuyi and Mohamadi, Hamid and Bohlmann, Joerg and Jones, Steven J.M. and et al.}, year={2018}, month={Oct}}
@article{Jain_2018, title={Nanopore sequencing and assembly of a human genome with ultra-long reads}, volume={36}, ISSN={1546-1696}, url={https://doi.org/10.1038/nbt.4060}, DOI={10.1038/nbt.4060}, number={4}, journal={Nature Biotechnology}, publisher={Springer Nature}, author={Jain, Miten and Koren, Sergey and Miga, Karen H and Quick, Josh and Rand, Arthur C and Sasani, Thomas A and Tyson, John R and Beggs, Andrew D and Dilthey, Alexander T and Fiddes, Ian T and et al.}, year={2018}, month={Jan}, pages={338–345}}
@article{Jo_2017, title={Development of a Genetic Map for Onion (Allium cepa L.) Using Reference-Free Genotyping-by-Sequencing and SNP Assays}, volume={8}, ISSN={1664-462X}, url={https://doi.org/10.3389/fpls.2017.01606}, DOI={10.3389/fpls.2017.01606}, journal={Frontiers in Plant Science}, publisher={Frontiers Media SA}, author={Jo, Jinkwan and Purushotham, Preethi M. and Han, Koeun and Lee, Heung-Ryul and Nah, Gyoungju and Kang, Byoung-Cheorl}, year={2017}, month={Sep}}
@article{Kolmogorov_2018, title={Assembly of Long Error-Prone Reads Using Repeat Graphs}, url={https://doi.org/10.1101/247148}, DOI={10.1101/247148}, publisher={Cold Spring Harbor Laboratory}, author={Kolmogorov, Mikhail and Yuan, Jeffrey and Lin, Yu and Pevzner, Pavel}, year={2018}, month={Jan}}
@article{Koren_2017, title={Canu: scalable and accurate long-read assembly via adaptive k-mer weighting and repeat separation}, volume={27}, ISSN={1549-5469}, url={https://doi.org/10.1101/gr.215087.116}, DOI={10.1101/gr.215087.116}, number={5}, journal={Genome Research}, publisher={Cold Spring Harbor Laboratory}, author={Koren, Sergey and Walenz, Brian P. and Berlin, Konstantin and Miller, Jason R. and Bergman, Nicholas H. and Phillippy, Adam M.}, year={2017}, month={Mar}, pages={722–736}}
@article{Lander_1988, title={Genomic mapping by fingerprinting random clones: A mathematical analysis}, volume={2}, ISSN={0888-7543}, url={https://doi.org/10.1016/0888-7543(88)90007-9}, DOI={10.1016/0888-7543(88)90007-9}, number={3}, journal={Genomics}, publisher={Elsevier BV}, author={Lander, Eric S. and Waterman, Michael S.}, year={1988}, month={Apr}, pages={231–239}}
@article{Li_2013, title={{Aligning sequence reads, clone sequences and assembly contigs with BWA-MEM}}, author={Li, Heng}, journal={arXiv:1303.3997}, year={2013}}
@article{Li_2016, title={Minimap and miniasm: fast mapping and de novo assembly for noisy long sequences}, volume={32}, ISSN={1460-2059}, url={https://doi.org/10.1093/bioinformatics/btw152}, DOI={10.1093/bioinformatics/btw152}, number={14}, journal={Bioinformatics}, publisher={Oxford University Press (OUP)}, author={Li, Heng}, year={2016}, month={Mar}, pages={2103–2110}}
@article{Mohamadi_2017, title={ntCard: a streaming algorithm for cardinality estimation in genomics data}, ISSN={1460-2059}, url={https://doi.org/10.1093/bioinformatics/btw832}, DOI={10.1093/bioinformatics/btw832}, journal={Bioinformatics}, publisher={Oxford University Press (OUP)}, author={Mohamadi, Hamid and Khan, Hamza and Birol, Inanc}, year={2017}, month={Jan}, pages={btw832}}
@article{Morrell_2011, title={Crop genomics: advances and applications}, volume={13}, ISSN={1471-0064}, url={https://doi.org/10.1038/nrg3097}, DOI={10.1038/nrg3097}, number={2}, journal={Nature Reviews Genetics}, publisher={Springer Nature}, author={Morrell, Peter L. and Buckler, Edward S. and Ross-Ibarra, Jeffrey}, year={2011}, month={Dec}, pages={85–96}}
@article{Nowoshilow_2018, title={The axolotl genome and the evolution of key tissue formation regulators}, volume={554}, ISSN={1476-4687}, url={https://doi.org/10.1038/nature25458}, DOI={10.1038/nature25458}, number={7690}, journal={Nature}, publisher={Springer Nature}, author={Nowoshilow, Sergej and Schloissnig, Siegfried and Fei, Ji-Feng and Dahl, Andreas and Pang, Andy W. C. and Pippel, Martin and Winkler, Sylke and Hastie, Alex R. and Young, George and Roscito, Juliana G. and et al.}, year={2018}, month={Jan}, pages={50–55}}
@article{Nystedt_2013, title={The Norway spruce genome sequence and conifer genome evolution}, volume={497}, ISSN={1476-4687}, url={https://doi.org/10.1038/nature12211}, DOI={10.1038/nature12211}, number={7451}, journal={Nature}, publisher={Springer Nature}, author={Nystedt, Björn and Street, Nathaniel R. and Wetterbom, Anna and Zuccolo, Andrea and Lin, Yao-Cheng and Scofield, Douglas G. and Vezzi, Francesco and Delhomme, Nicolas and Giacomello, Stefania and Alexeyenko, Andrey and et al.}, year={2013}, month={May}, pages={579–584}}
@article{O_Connell_2014, title={NxTrim: optimized trimming of Illumina mate pair reads}, url={https://doi.org/10.1101/007666}, DOI={10.1101/007666}, publisher={Cold Spring Harbor Laboratory}, author={O’Connell, Jared and Schulz-Trieglaff, Ole and Carlson, Emma and Hims, Matthew M and Gormley, Niall A and Cox, Anthony J}, year={2014}, month={Aug}}
@article{Ohri_1986, title={Genome size in gymnosperms}, volume={153}, ISSN={1615-6110}, url={https://doi.org/10.1007/BF00989421}, DOI={10.1007/bf00989421}, number={1-2}, journal={Plant Systematics and Evolution}, publisher={Springer Nature}, author={Ohri, D. and Khoshoo, T. N.}, year={1986}, pages={119–132}}
@article{Pendleton_2015, title={Assembly and diploid architecture of an individual human genome via single-molecule technologies}, volume={12}, ISSN={1548-7105}, url={https://doi.org/10.1038/nmeth.3454}, DOI={10.1038/nmeth.3454}, number={8}, journal={Nature Methods}, publisher={Springer Nature}, author={Pendleton, Matthew and Sebra, Robert and Pang, Andy Wing Chun and Ummat, Ajay and Franzen, Oscar and Rausch, Tobias and Stütz, Adrian M and Stedman, William and Anantharaman, Thomas and Hastie, Alex and et al.}, year={2015}, month={Jun}, pages={780–786}}
@article{Rusk_2009, title={Cheap third-generation sequencing}, volume={6}, ISSN={1548-7105}, url={https://doi.org/10.1038/nmeth0409-244a}, DOI={10.1038/nmeth0409-244a}, number={4}, journal={Nature Methods}, publisher={Springer Nature}, author={Rusk, Nicole}, year={2009}, month={Apr}, pages={244–244}}
@article{Schnable_2009, title={The B73 Maize Genome: Complexity, Diversity, and Dynamics}, volume={326}, ISSN={1095-9203}, url={https://doi.org/10.1126/science.1178534}, DOI={10.1126/science.1178534}, number={5956}, journal={Science}, publisher={American Association for the Advancement of Science (AAAS)}, author={Schnable, P. S. and Ware, D. and Fulton, R. S. and Stein, J. C. and Wei, F. and Pasternak, S. and Liang, C. and Zhang, J. and Fulton, L. and Graves, T. A. and et al.}, year={2009}, month={Nov}, pages={1112–1115}}
@article{Simpson_2009, title={ABySS: A parallel assembler for short read sequence data}, volume={19}, ISSN={1088-9051}, url={https://doi.org/10.1101/gr.089532.108}, DOI={10.1101/gr.089532.108}, number={6}, journal={Genome Research}, publisher={Cold Spring Harbor Laboratory}, author={Simpson, J. T. and Wong, K. and Jackman, S. D. and Schein, J. E. and Jones, S. J.M. and Birol, I.}, year={2009}, month={Feb}, pages={1117–1123}}
@article{Vurture_2017, title={GenomeScope: fast reference-free genome profiling from short reads}, volume={33}, ISSN={1460-2059}, url={https://doi.org/10.1093/bioinformatics/btx153}, DOI={10.1093/bioinformatics/btx153}, number={14}, journal={Bioinformatics}, publisher={Oxford University Press (OUP)}, author={Vurture, Gregory W and Sedlazeck, Fritz J and Nattestad, Maria and Underwood, Charles J and Fang, Han and Gurtowski, James and Schatz, Michael C}, editor={Berger, BonnieEditor}, year={2017}, month={Mar}, pages={2202–2204}}
@article{Warren_2015, title={Improved white spruce (Picea glauca) genome assemblies and annotation of large gene families of conifer terpenoid and phenolic defense metabolism}, volume={83}, ISSN={0960-7412}, url={https://doi.org/10.1111/tpj.12886}, DOI={10.1111/tpj.12886}, number={2}, journal={The Plant Journal}, publisher={Wiley}, author={Warren, René L. and Keeling, Christopher I. and Yuen, Macaire Man Saint and Raymond, Anthony and Taylor, Greg A. and Vandervalk, Benjamin P. and Mohamadi, Hamid and Paulino, Daniel and Chiu, Readman and Jackman, Shaun D. and et al.}, year={2015}, month={Jun}, pages={189–212}}
@article{Waterhouse_2017, title={BUSCO Applications from Quality Assessments to Gene Prediction and Phylogenomics}, volume={35}, ISSN={1537-1719}, url={https://doi.org/10.1093/molbev/msx319}, DOI={10.1093/molbev/msx319}, number={3}, journal={Molecular Biology and Evolution}, publisher={Oxford University Press (OUP)}, author={Waterhouse, Robert M and Seppey, Mathieu and Simão, Felipe A and Manni, Mosè and Ioannidis, Panagiotis and Klioutchnikov, Guennadi and Kriventseva, Evgenia V and Zdobnov, Evgeny M}, year={2017}, month={Dec}, pages={543–548}}
@article{Weisenfeld_2017, title={Direct determination of diploid genome sequences}, volume={27}, ISSN={1549-5469}, url={https://doi.org/10.1101/gr.214874.116}, DOI={10.1101/gr.214874.116}, number={5}, journal={Genome Research}, publisher={Cold Spring Harbor Laboratory}, author={Weisenfeld, Neil I. and Kumar, Vijay and Shah, Preyas and Church, Deanna M. and Jaffe, David B.}, year={2017}, month={Apr}, pages={757–767}}
@article{Yeo_2017, title={ARCS: scaffolding genome drafts with linked reads}, volume={34}, ISSN={1460-2059}, url={https://doi.org/10.1093/bioinformatics/btx675}, DOI={10.1093/bioinformatics/btx675}, number={5}, journal={Bioinformatics}, publisher={Oxford University Press (OUP)}, author={Yeo, Sarah and Coombe, Lauren and Warren, René L and Chu, Justin and Birol, Inanç}, editor={Sahinalp, CenkEditor}, year={2017}, month={Oct}, pages={725–731}}
@article{Zimin_2013, title={The MaSuRCA genome assembler}, volume={29}, ISSN={1460-2059}, url={https://doi.org/10.1093/bioinformatics/btt476}, DOI={10.1093/bioinformatics/btt476}, number={21}, journal={Bioinformatics}, publisher={Oxford University Press (OUP)}, author={Zimin, Aleksey V. and Marçais, Guillaume and Puiu, Daniela and Roberts, Michael and Salzberg, Steven L. and Yorke, James A.}, year={2013}, month={Aug}, pages={2669–2677}}
@article{Zimin_2014, title={Sequencing and Assembly of the 22-Gb Loblolly Pine Genome}, volume={196}, ISSN={0016-6731}, url={https://doi.org/10.1534/genetics.113.159715}, DOI={10.1534/genetics.113.159715}, number={3}, journal={Genetics}, publisher={Genetics Society of America}, author={Zimin, A. and Stevens, K. A. and Crepeau, M. W. and Holtz-Morris, A. and Koriabine, M. and Marcais, G. and Puiu, D. and Roberts, M. and Wegrzyn, J. L. and de Jong, P. J. and et al.}, year={2014}, month={Mar}, pages={875–890}}
